@article{Sigrist2022,
  author  = {Fabio Sigrist},
  title   = {Gaussian Process Boosting},
  journal = {Journal of Machine Learning Research},
  year    = {2022},
  volume  = {23},
  number  = {232},
  pages   = {1--46},
  url     = {http://jmlr.org/papers/v23/20-322.html}
}

@inproceedings{Ke2017,
 author = {Ke, Guolin and Meng, Qi and Finley, Thomas and Wang, Taifeng and Chen, Wei and Ma, Weidong and Ye, Qiwei and Liu, Tie-Yan},
 booktitle = {Advances in Neural Information Processing Systems},
 editor = {I. Guyon and U. Von Luxburg and S. Bengio and H. Wallach and R. Fergus and S. Vishwanathan and R. Garnett},
 pages = {},
 publisher = {Curran Associates, Inc.},
 title = {LightGBM: A Highly Efficient Gradient Boosting Decision Tree},
 url = {https://proceedings.neurips.cc/paper_files/paper/2017/file/6449f44a102fde848669bdd9eb6b76fa-Paper.pdf},
 volume = {30},
 year = {2017}
}

@article{Hajjem03062014,
    author = {Ahlem Hajjem, Fran√ßois Bellavance and Denis Larocque},
    title = {Mixed-effects random forest for clustered data},
    journal = {Journal of Statistical Computation and Simulation},
    volume = {84},
    number = {6},
    pages = {1313--1328},
    year = {2014},
    publisher = {Taylor \& Francis},
    doi = {10.1080/00949655.2012.741599},
    URL = { https://doi.org/10.1080/00949655.2012.741599
    },
    eprint = { https://doi.org/10.1080/00949655.2012.741599
    }
}
